@manual{spin,
  author =       "Hans Henrik Løvengreen",
  title =        "Introduction to SPIN",
  year =         "2016",
  address =      "Kgs Lyngby",
  version =      "1.4"
}

@Book{coursenotes,
  author =       "Hans Henrik Løvengreen",
  title =        "Basic Concurrency Theory",
  publisher =    "DTU",
  year =         "2002",
  address =      "Lyngby, Denmark",
  edition =      "",
  editor = 	 "",
  volume = 	 "",
  number = 	 "",
  series = 	 "",
  month = 	 "",
  note = 	 ""
}

@Book{andrews,
  author =       "Gregory R. Andrews",
  title =        "Foundations of Multithreaded, Parallel, and Distributed Programming",
  publisher =    "Addsion-Wesley",
  year =         "2000",
  address =      "",
  edition =      "",
  editor = 	 "",
  volume = 	 "",
  number = 	 "",
  series = 	 "",
  month = 	 "",
  note = 	 ""
}

@Book{formalmethods,
  author =       "Flemming Nielson and Hanne Riis Nielson",
  title =        "Formal Methods An Appetizer",
  publisher =    "DTU",
  year =         " ",
  address =      "",
  edition =      "",
  editor = 	 "",
  volume = 	 "",
  number = 	 "",
  series = 	 "",
  month = 	 "",
  note = 	 ""
}